@article{viggiato2018,
  title   = {Microservices in practice: A survey study},
  author  = {Viggiato, Markos and Terra, Ricardo and Rocha, Henrique and Valente, Marco Tulio and Figueiredo, Eduardo},
  journal = {arXiv preprint arXiv:1808.04836},
  year    = {2018}
}
