@Article{viggiato2018,
	author = {Markos Viggiato and Ricardo Terra and Henrique Rocha and Marco Tulio Valente and Eduardo Figueiredo},
	title = {Microservices in Practice: A Survey Study},
	journal = {arXiv preprint arXiv:1808.04836},
	year = {2018},
}

@InProceedings{homay2019,
	author = {Homay, Aydin and Zoitl, Alois and Sousa, MÃ¡rio de and Wollschlaeger, Martin},
	title = {A Survey: Microservices Architecture in Advanced Manufacturing Systems},
	booktitle = {2019 IEEE 17th International Conference on Industrial Informatics (INDIN)},
	pages = {1165-1168},
	year = {2019},
	volume = {1},
	publisher = {IEEE}
}


@Article{eder2016,
	author = {Eder, Michael},
	title = {Hypervisor-vs. container-based virtualization},
	journal = {Future Internet (FI) and Innovative Internet Technologies and Mobile Communications (IITM)},
	year = {2016},
	volume = {1},
}
